@article{jung2023construction,
  title={Construction of deep learning-based disease detection model in plants},
  author={Jung, Minah and Song, Jong Seob and Shin, Ah-Young and Choi, Beomjo and Go, Sangjin and Kwon, Suk-Yoon and Park, Juhan and Park, Sung Goo and Kim, Yong-Min},
  journal={Scientific reports},
  volume={13},
  number={1},
  pages={7331},
  year={2023},
  publisher={Nature Publishing Group UK London}
}

@article{tiwari2021dense,
  title={Dense convolutional neural networks based multiclass plant disease detection and classification using leaf images},
  author={Tiwari, Vaibhav and Joshi, Rakesh Chandra and Dutta, Malay Kishore},
  journal={Ecological Informatics},
  volume={63},
  pages={101289},
  year={2021},
  publisher={Elsevier}
}

@article{kulkarni2021plant,
  title={Plant disease detection using image processing and machine learning},
  author={Kulkarni, Pranesh and Karwande, Atharva and Kolhe, Tejas and Kamble, Soham and Joshi, Akshay and Wyawahare, Medha},
  journal={arXiv preprint arXiv:2106.10698},
  year={2021}
}

@article{harakannanavar2022plant,
  title={Plant leaf disease detection using computer vision and machine learning algorithms},
  author={Harakannanavar, Sunil S and Rudagi, Jayashri M and Puranikmath, Veena I and Siddiqua, Ayesha and Pramodhini, R},
  journal={Global Transitions Proceedings},
  volume={3},
  number={1},
  pages={305--310},
  year={2022},
  publisher={Elsevier}
}

@inproceedings{ramesh2018plant,
  title={Plant disease detection using machine learning},
  author={Ramesh, Shima and Hebbar, Ramachandra and Niveditha, M and Pooja, R and Shashank, N and Vinod, PV and others},
  booktitle={2018 International conference on design innovations for 3Cs compute communicate control (ICDI3C)},
  pages={41--45},
  year={2018},
  organization={IEEE}
}

